@article{LaViola_2020,
    author = {LaViola, Joseph J.},
    title = {A discussion of cybersickness in virtual environments},
    year = {2000},
    issue_date = {Jan. 2000},
    publisher = {Association for Computing Machinery},
    address = {New York, NY, USA},
    volume = {32},
    number = {1},
    issn = {0736-6906},
    doi = {10.1145/333329.333344},
    journal = {SIGCHI Bull.},
    month = {jan},
    pages = {47–56},
    numpages = {10}
}

@inproceedings{Davis_2014,
    author = {Davis, Simon and Nesbitt, Keith and Nalivaiko, Eugene},
    title = {A systematic review of cybersickness},
    year = {2014},
    isbn = {9781450327909},
    publisher = {Association for Computing Machinery},
    address = {New York, NY, USA},
    doi = {10.1145/2677758.2677780},
    booktitle = {Proceedings of the 2014 Conference on Interactive Entertainment},
    pages = {1–9},
    numpages = {9},
    keywords = {Oculus Rift, motion sickness, Cybersickness, simulator sickness},
    location = {Newcastle, NSW, Australia},
    series = {IE2014}
}

@article{Munafo_2017,
    author = {Munafo, Justin and Diedrick, Meg and Stoffregen, Thomas},
    year = {2017},
    month = {03},
    pages = {},
    title = {The virtual reality head-mounted display Oculus Rift induces motion sickness and is sexist in its effects},
    volume = {235},
    journal = {Experimental Brain Research},
    doi = {10.1007/s00221-016-4846-7}
}

@INPROCEEDINGS{Islam_2020,
    author={Islam, Rifatul},
    booktitle={2020 IEEE Conference on Virtual Reality and 3D User Interfaces Abstracts and Workshops (VRW)}, 
    title={A deep learning based framework for detecting and reducing onset of cybersickness}, 
    year={2020},
    volume={},
    number={},
    pages={559-560},
    doi={10.1109/VRW50115.2020.00131}
}

@article{Kim_2005,
    author = {Kim, Young and Kim, Hyun and Kim, Eun and Ko, Heedong and Kim, Hyun-Taek},
    year = {2005},
    month = {10},
    pages = {616-25},
    title = {Characteristic changes in the physiological components of cybersickness},
    volume = {42},
    journal = {Psychophysiology},
    doi = {10.1111/j.1469-8986.2005.00349.x}
}

@article{Yokota_2005,
    author = {Yoichi Yokota and Mitsuhiro Aoki and Keisuke Mizuta and Yatsuji Ito and Naoki Isu},
    title = {Motion sickness susceptibility associated with visually induced postural instability and cardiac autonomic responses in healthy subjects},
    journal = {Acta Oto-Laryngologica},
    volume = {125},
    number = {3},
    pages = {280-285},
    year  = {2005},
    publisher = {Taylor \& Francis},
    doi = {10.1080/00016480510003192},
    note ={PMID: 15966698},
}

@article{Bruck_2011,
    title = {The factor structure of cybersickness},
    journal = {Displays},
    volume = {32},
    number = {4},
    pages = {153-158},
    year = {2011},
    note = {Visual Image Safety},
    issn = {0141-9382},
    doi = {https://doi.org/10.1016/j.displa.2011.07.002},
    author = {Susan Bruck and Paul A. Watters},
}

@INPROCEEDINGS{Kim_2019,
    author={Kim, Jinwoo and Kim, Woojae and Oh, Heeseok and Lee, Seongmin and Lee, Sanghoon},
    booktitle={2019 IEEE/CVF International Conference on Computer Vision (ICCV)}, 
    title={A deep cybersickness predictor based on brain signal analysis for virtual reality contents}, 
    year={2019},
    volume={},
    number={},
    pages={10579-10588},
    doi={10.1109/ICCV.2019.01068}
}

@INPROCEEDINGS{Islam_2_2020,
    author={Islam, Rifatul and Lee, Yonggun and Jaloli, Mehrad and Muhammad, Imtiaz and Zhu, Dakai and Rad, Paul and Huang, Yufei and Quarles, John},
    booktitle={2020 IEEE International Symposium on Mixed and Augmented Reality (ISMAR)}, 
    title={Automatic detection and prediction of cybersickness severity using deep neural networks from user’s physiological signals}, 
    year={2020},
    volume={},
    number={},
    pages={400-411},
    doi={10.1109/ISMAR50242.2020.00066}
}

@Article{Oh_2022,
    AUTHOR = {Oh, Heeseok and Son, Wookho},
    TITLE = {Cybersickness and its severity arising from virtual reality content: A comprehensive study},
    JOURNAL = {Sensors},
    VOLUME = {22},
    YEAR = {2022},
    NUMBER = {4},
    ARTICLE-NUMBER = {1314},
    PubMedID = {35214216},
    ISSN = {1424-8220},
    DOI = {10.3390/s22041314}
}

@article{Nalivaiko_2015,
    title = {Cybersickness provoked by head-mounted display affects cutaneous vascular tone, heart rate and reaction time},
    journal = {Physiology \& Behavior},
    volume = {151},
    pages = {583-590},
    year = {2015},
    issn = {0031-9384},
    doi = {https://doi.org/10.1016/j.physbeh.2015.08.043},
    author = {Eugene Nalivaiko and Simon L. Davis and Karen L. Blackmore and Andrew Vakulin and Keith V. Nesbitt},
    keywords = {Motion sickness, Skin temperature, Reaction time, Nausea, Heart rate},
}

@article{Nasqvi_2015,
    title={EEG based time and frequency dynamics analysis of visually induced motion sickness (VIMS)},
    author={Syed Ali Arsalan Naqvi and Nasreen Badruddin and M. A. Jatoi and Aamir Saeed Malik and Wan Hazabbah and Baharudin Abdullah},
    journal={Australasian Physical \& Engineering Sciences in Medicine},
    year={2015},
    volume={38},
    pages={721 - 729}
}

@article{Irmak_2021,
    author = {Irmak, Tugrul and Pool, Daan and Happee, Riender},
    year = {2021},
    month = {02},
    pages = {1-17},
    title = {Objective and subjective responses to motion sickness: the group and the individual},
    volume = {239},
    journal = {Experimental Brain Research},
    doi = {10.1007/s00221-020-05986-6}
}

@article{Flanagan_2004,
  title={The role of vection, eye movements and postural instability in the etiology of motion sickness.},
  author={Moira B. Flanagan and James G. May and Thomas G. Dobie},
  journal={Journal of vestibular research : equilibrium \& orientation},
  year={2004},
  volume={14 4},
  pages={335-46}
}

@ARTICLE{Kim_2021,
    AUTHOR={Kim, Juno and Palmisano, Stephen and Luu, Wilson and Iwasaki, Shinichi},  
    TITLE={Effects of linear visual-vestibular conflict on presence, perceived scene stability and cybersickness in the Oculus Go and Oculus Quest},      
    JOURNAL={Frontiers in Virtual Reality},      
    VOLUME={2},           
    YEAR={2021},      
    DOI={10.3389/frvir.2021.582156},      
    ISSN={2673-4192},   
}

@article{Kennedy_1993,
    author = { Robert S.   Kennedy  and  Norman E.   Lane  and  Kevin S.   Berbaum  and  Michael G.   Lilienthal },
    title = {Simulator Sickness Questionnaire: An enhanced method for quantifying simulator sickness},
    journal = {The International Journal of Aviation Psychology},
    volume = {3},
    number = {3},
    pages = {203-220},
    year  = {1993},
    publisher = {Taylor \& Francis},
    doi = {10.1207/s15327108ijap0303\_3},
}

@ARTICLE{Karim_2017,
    author={Karim, Fazle and Majumdar, Somshubra and Darabi, Houshang and Chen, Shun},
    journal={IEEE Access}, 
    title={LSTM fully convolutional networks for time series classification},
    year={2018},
    volume={6},
    number={},
    pages={1662-1669},
    doi={10.1109/ACCESS.2017.2779939}
}

@ARTICLE{Banna_2021,
    author={Banna, Md. Hasan Al and Ghosh, Tapotosh and Nahian, Md. Jaber Al and Taher, Kazi Abu and Kaiser, M. Shamim and Mahmud, Mufti and Hossain, Mohammad Shahadat and Andersson, Karl},
    journal={IEEE Access}, 
    title={Attention-based bi-directional long-short term memory network for earthquake prediction}, 
    year={2021},
    volume={9},
    number={},
    pages={56589-56603},
    doi={10.1109/ACCESS.2021.3071400}
}

@article{Alizadeh_2021,
    title = {A novel attention-based LSTM cell post-processor coupled with bayesian optimization for streamflow prediction},
    journal = {Journal of Hydrology},
    volume = {601},
    pages = {126526},
    year = {2021},
    issn = {0022-1694},
    doi = {https://doi.org/10.1016/j.jhydrol.2021.126526},
    author = {Babak Alizadeh and Alireza {Ghaderi Bafti} and Hamid Kamangir and Yu Zhang and Daniel B. Wright and Kristie J. Franz},
}

@inproceedings{Wang_2016,
    title = "Attention-based {LSTM} for Aspect-level Sentiment Classification",
    author = "Wang, Yequan  and
      Huang, Minlie  and
      Zhu, Xiaoyan  and
      Zhao, Li",
    booktitle = "Proceedings of the 2016 Conference on Empirical Methods in Natural Language Processing",
    month = nov,
    year = "2016",
    address = "Austin, Texas",
    publisher = "Association for Computational Linguistics",
    doi = "10.18653/v1/D16-1058",
    pages = "606--615",
}

@inproceedings{Lopes_2020,
    author = {Lopes, Phil and Tian, Nana and Boulic, Ronan},
    title = {Eye thought you were sick! exploring eye behaviors for cybersickness detection in VR},
    year = {2020},
    isbn = {9781450381710},
    publisher = {Association for Computing Machinery},
    address = {New York, NY, USA},
    doi = {10.1145/3424636.3426906},
    booktitle = {Proceedings of the 13th ACM SIGGRAPH Conference on Motion, Interaction and Games},
    articleno = {3},
    numpages = {10},
    keywords = {eye tracking, blink rate, cybersickness detection},
    location = {Virtual Event, SC, USA},
    series = {MIG '20}
}

@article{Chang_2021,
    author = {Chang, Eunhee and Kim, Hyun Taek and Yoo, Byounghyun},
    title = "{Predicting cybersickness based on user’s gaze behaviors in HMD-based virtual reality}",
    journal = {Journal of Computational Design and Engineering},
    volume = {8},
    number = {2},
    pages = {728-739},
    year = {2021},
    month = {02},
    issn = {2288-5048},
    doi = {10.1093/jcde/qwab010},
}

@article{Nam_2022,
    author = {Nam, Yunju and Hong, Upyong and Chung, Hyenyeong and Noh, Soo Rim},
    title = {Eye movement patterns reflecting cybersickness: evidence from different experience modes of a virtual reality game},
    journal = {Cyberpsychology, Behavior, and Social Networking},
    volume = {25},
    number = {2},
    pages = {135-139},
    year = {2022},
    doi = {10.1089/cyber.2021.0167},
    note ={PMID: 34962156},
}

@article{Oyamada_2007,
    author = {Oyamada, Hiroshi and Iijima, Atsuhiko and Tanaka, Akira and Ukai, Kazuhiko and Toda, Haruo and Sugita, Norihiro and Yoshizawa, Makoto and Bando, Takehiko},
    year = {2007},
    month = {02},
    pages = {37},
    title = {A pilot study on pupillary and cardiovascular changes induced by stereoscopic video movies},
    volume = {4},
    journal = {Journal of neuroengineering and rehabilitation},
    doi = {10.1186/1743-0003-4-37}
}

@INPROCEEDINGS{Guo_2011,
    author={Guo, Cuiting and Ji, Jennifer and So, Richard},
    booktitle={2011 IEEE Virtual Reality Conference}, 
    title={Could OKAN be an objective indicator of the susceptibility to visually induced motion sickness?}, 
    year={2011},
    volume={},
    number={},
    pages={87-90},
    doi={10.1109/VR.2011.5759442}
}

@article{Diels_2007,
    author = {Diels, Cyriel and Ukai, Kazuhiko and Howarth, Peter},
    year = {2007},
    month = {08},
    pages = {659-65},
    title = {Visually induced motion sickness with radial displays: Effects of gaze angle and fixation},
    volume = {78},
    journal = {Aviation, space, and environmental medicine}
}

@inproceedings{Yang_2011,
  title={Effects of vergence and accommodative responses on viewer's comfort in viewing 3D stimuli},
  author={Shun-nan Yang and James E. Sheedy},
  booktitle={Electronic imaging},
  year={2011}
}

@article{Wibirama_2020,
    author = {Wibirama, Sunu and Santosa, Paulus and Widyarani, Putu and Brilianto, Nanda and Hafidh, Wina},
    year = {2020},
    month = {03},
    pages = {},
    title = {Physical discomfort and eye movements during arbitrary and optical flow-like motions in stereo 3D contents},
    volume = {24},
    journal = {Virtual Reality},
    doi = {10.1007/s10055-019-00386-w}
}

@article{Keshavarz_2011,
    author = {Keshavarz, Behrang and Hecht, Heiko},
    year = {2011},
    month = {08},
    pages = {415-26},
    title = {Validating an efficient method to quantify motion sickness},
    volume = {53},
    journal = {Human factors},
    doi = {10.1177/0018720811403736}
}

@article{Agundez_2019,
    author = {Garcia-Agundez, Augusto and Reuter, Christian and Becker, Hagen and Konrad, Robert and Caserman, Polona and Miede, André and Göbel, Stefan},
    year = {2019},
    month = {07},
    pages = {},
    title = {Development of a classifier to determine factors causing cybersickness in virtual reality environments},
    volume = {8},
    journal = {Games for Health Journal},
    doi = {10.1089/g4h.2019.0045}
}

@inproceedings{Kundu_2022,
    title={TruVR: Trustworthy cybersickness detection using explainable machine learning},
    author={Kundu, Ripan Kumar and Islam, Rifatul and Calyam, Prasad and Hoque, Khaza Anuarul},
    booktitle={2022 IEEE International Symposium on Mixed and Augmented Reality (ISMAR)},
    pages={777--786},
    year={2022},
    organization={IEEE}
}

@inproceedings{Jin_2018,
    author = {Jin, Weina and Fan, Jianyu and Gromala, Diane and Pasquier, Philippe},
    year = {2018},
    month = {08},
    pages = {},
    title = {Automatic prediction of cybersickness for virtual reality games},
    doi = {10.1109/GEM.2018.8516469}
}

@INPROCEEDINGS{Islam_2022,
    author={Islam, Rifatul and Desai, Kevin and Quarles, John},
    booktitle={2022 IEEE International Symposium on Mixed and Augmented Reality (ISMAR)}, 
    title={Towards forecasting the onset of cybersickness by fusing physiological, head-tracking and eye-tracking with multimodal deep fusion network}, 
    year={2022},
    volume={},
    number={},
    pages={121-130},
    doi={10.1109/ISMAR55827.2022.00026}
}

@ARTICLE{Anwar_2020,
    author={Anwar, Muhammad Shahid and Wang, Jing and Khan, Wahab and Ullah, Asad and Ahmad, Sadique and Fei, Zesong},
    journal={IEEE Access}, 
    title={Subjective QoE of 360-degree virtual reality videos and machine learning predictions}, 
    year={2020},
    volume={8},
    number={},
    pages={148084-148099},
    doi={10.1109/ACCESS.2020.3015556}
}

@INPROCEEDINGS{Islam_2021,
    author={Islam, Rifatul and Desai, Kevin and Quarles, John},
    booktitle={2021 IEEE International Symposium on Mixed and Augmented Reality (ISMAR)}, 
    title={Cybersickness prediction from integrated HMD’s sensors: A multimodal deep fusion approach using eye-tracking and head-tracking data}, 
    year={2021},
    volume={},
    number={},
    pages={31-40},
    doi={10.1109/ISMAR52148.2021.00017}
}

@INPROCEEDINGS{Wang_2020,
    author={Wang, Jialin and Liang, Hai-Ning and Monteiro, Diego Vilela and Xu, Wenge and Chen, Hao and Chen, Qiwen},
    booktitle={2020 IEEE International Symposium on Mixed and Augmented Reality Adjunct (ISMAR-Adjunct)}, 
    title={Real-time detection of simulator sickness in virtual reality games based on players' psychophysiological data during gameplay}, 
    year={2020},
    volume={},
    number={},
    pages={247-248},
    doi={10.1109/ISMAR-Adjunct51615.2020.00071}
}

@InProceedings{Lea_2016,
    author="Lea, Colin
    and Vidal, Ren{\'e}
    and Reiter, Austin
    and Hager, Gregory D.",
    editor="Hua, Gang
    and J{\'e}gou, Herv{\'e}",
    title="Temporal convolutional networks: A unified approach to action segmentation",
    booktitle="Computer Vision -- ECCV 2016 Workshops",
    year="2016",
    publisher="Springer International Publishing",
    address="Cham",
    pages="47--54",
    isbn="978-3-319-49409-8"
}

@article{Lin_2013,
    title={Network in network},
    author={Min Lin and Qiang Chen and Shuicheng Yan},
    journal={CoRR},
    year={2013},
    volume={abs/1312.4400}
}

@article{Bahdanau_2014,
    title={Neural machine translation by jointly learning to align and translate},
    author={Dzmitry Bahdanau and Kyunghyun Cho and Yoshua Bengio},
    journal={CoRR},
    year={2014},
    volume={abs/1409.0473}
}

@article{Ba_2016,
    title={Layer normalization},
    author={Jimmy Ba and Jamie Ryan Kiros and Geoffrey E. Hinton},
    journal={ArXiv},
    year={2016},
    volume={abs/1607.06450}
}

@article{Bengio_2004,
    author = {Bengio, Yoshua and Grandvalet, Yves},
    title = {No unbiased estimator of the variance of k-fold cross-validation},
    year = {2004},
    issue_date = {12/1/2004},
    publisher = {JMLR.org},
    volume = {5},
    issn = {1532-4435},
    journal = {J. Mach. Learn. Res.},
    month = {dec},
    pages = {1089–1105},
    numpages = {17}
}

@article{Kingma_2014,
    title={Adam: A method for stochastic optimization},
    author={Kingma, Diederik P and Ba, Jimmy},
    journal={arXiv preprint arXiv:1412.6980},
    year={2014}
}

@article{Ozkan_2023,
    title = {The relationship between cybersickness and eye-activity in response to varying speed, scene complexity and stereoscopic VR parameters},
    journal = {International Journal of Human-Computer Studies},
    volume = {176},
    pages = {103039},
    year = {2023},
    issn = {1071-5819},
    doi = {https://doi.org/10.1016/j.ijhcs.2023.103039},
    author = {Alper Ozkan and Ufuk Celikcan},
    keywords = {Virtual reality, Cybersickness, Eye-activity},
}

@article{Warwick_1998,
    title = {Evaluating sensory conflict and postural instability. theories of motion sickness},
    journal = {Brain Research Bulletin},
    volume = {47},
    number = {5},
    pages = {465-469},
    year = {1998},
    issn = {0361-9230},
    doi = {https://doi.org/10.1016/S0361-9230(98)00090-2},
    author = {L.A Warwick-Evans and N Symons and T Fitch and L Burrows},
    keywords = {Motion sickness, Sensory conflict, Postural instability},
}

@article{Akiduki_2003,
    title = {Visual-vestibular conflict induced by virtual reality in humans},
    journal = {Neuroscience Letters},
    volume = {340},
    number = {3},
    pages = {197-200},
    year = {2003},
    issn = {0304-3940},
    doi = {https://doi.org/10.1016/S0304-3940(03)00098-3},
    author = {Hironori Akiduki and Suetaka Nishiike and Hiroshi Watanabe and Katsunori Matsuoka and Takeshi Kubo and Noriaki Takeda},
    keywords = {Motion sickness, Equilibrium, Ataxia, Visual-vestibular conflict, Virtual reality},
}

@book{Reason_1975,
    publisher = {Academic Press},
    booktitle = {Motion sickness},
    isbn = {0125840500},
    year = {1975},
    title = {Motion sickness},
    language = {eng},
    address = {London ; New York},
    author = {Reason, J. T and Brand, J. J},
    keywords = {Motion sickness},
    lccn = {75-315222},
}

@article{Gary_1991,
    author = {Gary E. Riccio and Thomas A. Stoffregen },
    title = {An ecological Theory of Motion Sickness and Postural Instability},
    journal = {Ecological Psychology},
    volume = {3},
    number = {3},
    pages = {195-240},
    year  = {1991},
    publisher = {Routledge},
    doi = {10.1207/s15326969eco0303\_2},
}

@article{Ebenholtz_1994,
    author = {Ebenholtz, Sheldon and Cohen, M and Linder, Barry},
    year = {1994},
    month = {12},
    pages = {1032-5},
    title = {The possible role of nystagmus in motion sickness: A hypothesis},
    volume = {65},
    journal = {Aviation, space, and environmental medicine}
}

@article{Ismail_2019,
    title={Deep learning for time series classification: a review},
    author={Ismail Fawaz, Hassan and Forestier, Germain and Weber, Jonathan and Idoumghar, Lhassane and Muller, Pierre-Alain},
    journal={Data mining and knowledge discovery},
    volume={33},
    number={4},
    pages={917--963},
    year={2019},
    publisher={Springer}
}

@article{Foumani_2023,
    title={Deep Learning for Time Series Classification and Extrinsic Regression: A Current Survey},
    author={Foumani, Navid Mohammadi and Miller, Lynn and Tan, Chang Wei and Webb, Geoffrey I and Forestier, Germain and Salehi, Mahsa},
    journal={arXiv preprint arXiv:2302.02515},
    year={2023},
}

@misc{Wang_DL_2016,
    title={Time Series Classification from Scratch with Deep Neural Networks: A Strong Baseline}, 
    author={Zhiguang Wang and Weizhong Yan and Tim Oates},
    year={2016},
    eprint={1611.06455},
    archivePrefix={arXiv},
    primaryClass={cs.LG}
}

@INPROCEEDINGS{Monteiro_2021,
    author={Monteiro, Diego and Liang, Hai-Ning and Tang, Xiaohang and Irani, Pourang},
    booktitle={2021 IEEE International Symposium on Mixed and Augmented Reality (ISMAR)}, 
    title={Using Trajectory Compression Rate to Predict Changes in Cybersickness in Virtual Reality Games}, 
    year={2021},
    volume={},
    number={},
    pages={138-146},
    doi={10.1109/ISMAR52148.2021.00028}
}

@ARTICLE{Wang_2022,
    author={Wang, Jialin and Liang, Hai-Ning and Monteiro, Diego and Xu, Wenge and Xiao, Jimin},
    journal={IEEE Transactions on Games}, 
    title={Real-time Prediction of Simulator Sickness in Virtual Reality Games}, 
    year={2022},
    volume={},
    number={},
    pages={1-1},
    doi={10.1109/TG.2022.3178539}
}

@article{Bahman_2019,
    title = {Gender-based eye movement differences in passive indoor picture viewing: An eye-tracking study},
    journal = {Physiology \& Behavior},
    volume = {206},
    pages = {43-50},
    year = {2019},
    issn = {0031-9384},
    doi = {https://doi.org/10.1016/j.physbeh.2019.03.023},
    author = {Bahman {Abdi Sargezeh} and Niloofar Tavakoli and Mohammad Reza Daliri},
    keywords = {Gender differences, Genders' attitudes, Gender classification, Eye movements, Eye tracking},
}

@INPROCEEDINGS{Doty_2023,
    author={Doty, Taylor A. and Kelly, Jonathan W. and Dorneich, Michael C. and Gilbert, Stephen B.},
    booktitle={2023 IEEE Conference on Virtual Reality and 3D User Interfaces Abstracts and Workshops (VRW)}, 
    title={Does interpupillary distance (IPD) relate to immediate cybersickness?}, 
    year={2023},
    volume={},
    number={},
    pages={661-662},
    doi={10.1109/VRW58643.2023.00173}
}

@article{Shafer_2019,
    author = {Shafer, Daniel M. and Carbonara, Corey P. and Korpi, Michael F.},
    title = {Factors Affecting Enjoyment of Virtual Reality Games: A Comparison Involving Consumer-Grade Virtual Reality Technology},
    journal = {Games for Health Journal},
    volume = {8},
    number = {1},
    pages = {15-23},
    year = {2019},
    doi = {10.1089/g4h.2017.0190},
        note ={PMID: 30199273}
}

@INPROCEEDINGS{Luong_2022,
    author={Luong, Tiffany and Pléchata, Adela and Möbus, Max and Atchapero, Michael and Böhm, Robert and Makransky, Guido and Holz, Christian},
    booktitle={2022 IEEE International Symposium on Mixed and Augmented Reality (ISMAR)}, 
    title={Demographic and Behavioral Correlates of Cybersickness: A Large Lab-in-the-Field Study of 837 Participants}, 
    year={2022},
    volume={},
    number={},
    pages={307-316},
    doi={10.1109/ISMAR55827.2022.00046}
}

@article{Kala_2017,
    author = {Kala, Nupur and Lim, Kyungmin and Won, Kwanghyun and Lee, Jaesung and Lee, Tammy and Kim, Sehoon and Choe, Wonhee},
    title = {P-218: An Approach to Reduce VR Sickness by Content Based Field of View Processing},
    journal = {SID Symposium Digest of Technical Papers},
    volume = {48},
    number = {1},
    pages = {1645-1648},
    keywords = {VR sickness, Head mounted displays, Sickness measurement, Field of view processing, Content analysis, Head movement},
    doi = {https://doi.org/10.1002/sdtp.11956},
    year = {2017}
}

@Article{Kim_2_2019,
    AUTHOR = {Kim, Nam-Gyoon and Kim, Beom-Su},
    TITLE = {The Effect of Retinal Eccentricity on Visually Induced Motion Sickness and Postural Control},
    JOURNAL = {Applied Sciences},
    VOLUME = {9},
    YEAR = {2019},
    NUMBER = {9},
    ARTICLE-NUMBER = {1919},
    ISSN = {2076-3417},
    DOI = {10.3390/app9091919}
}

@INPROCEEDINGS{Fernandes_2016,
    author={Fernandes, Ajoy S and Feiner, Steven K.},
    booktitle={2016 IEEE Symposium on 3D User Interfaces (3DUI)}, 
    title={Combating VR sickness through subtle dynamic field-of-view modification}, 
    year={2016},
    volume={},
    number={},
    pages={201-210},
    doi={10.1109/3DUI.2016.7460053}
}

@inproceedings{Zayer_2019,
    author = {Al Zayer, Majed and Adhanom, Isayas B. and MacNeilage, Paul and Folmer, Eelke},
    title = {The Effect of Field-of-View Restriction on Sex Bias in VR Sickness and Spatial Navigation Performance},
    year = {2019},
    isbn = {9781450359702},
    publisher = {Association for Computing Machinery},
    address = {New York, NY, USA},
    doi = {10.1145/3290605.3300584},
    booktitle = {Proceedings of the 2019 CHI Conference on Human Factors in Computing Systems},
    pages = {1–12},
    numpages = {12},
    keywords = {virtual reality, virtual locomotion, sex differences, vr sickness, spatial navigation performance, field-of-view manipulation},
    location = {Glasgow, Scotland Uk},
    series = {CHI '19}
}

@article{Budhiraja_2017,
    author = {Pulkit Budhiraja and Mark Roman Miller and Abhishek K. Modi and David A. Forsyth},
    title  = {Rotation Blurring: Use of Artificial Blurring to Reduce Cybersickness in Virtual Reality First Person Shooters},
    journal      = {CoRR},
    volume       = {abs/1710.02599},
    year         = {2017},
    eprinttype    = {arXiv},
    eprint       = {1710.02599},
    timestamp    = {Mon, 13 Aug 2018 16:47:13 +0200},
}

@misc{Qionghua_2019,
      title={Some Experimental Results of Relieving Discomfort in Virtual Reality by Disturbing Feedback Loop in Human Brain}, 
      author={Wei Qionghua and Wang Hui and Wei Qiang},
      year={2019},
      eprint={1903.12617},
      archivePrefix={arXiv},
      primaryClass={cs.HC}
}

@ARTICLE{Nie_2020,
    author={Nie, Guang-Yu and Duh, Henry Been-Lirn and Liu, Yue and Wang, Yongtian},
    journal={IEEE Transactions on Visualization and Computer Graphics}, 
    title={Analysis on Mitigation of Visually Induced Motion Sickness by Applying Dynamical Blurring on a User's Retina}, 
    year={2020},
    volume={26},
    number={8},
    pages={2535-2545},
    doi={10.1109/TVCG.2019.2893668}
}

@article{Hochreiter_1997,
    author = {Hochreiter, Sepp and Schmidhuber, Jürgen},
    title = "{Long Short-Term Memory}",
    journal = {Neural Computation},
    volume = {9},
    number = {8},
    pages = {1735-1780},
    year = {1997},
    month = {11},
    issn = {0899-7667},
    doi = {10.1162/neco.1997.9.8.1735},
}

@INPROCEEDINGS{Monteiro_2020,
    author={Monteiro, Diego and Liang, Hai-Ning and Wang, Jialin and Chen, Hao and Baghaei, Nilufar},
    booktitle={2020 IEEE International Symposium on Mixed and Augmented Reality (ISMAR)}, 
    title={An In-Depth Exploration of the Effect of 2D/3D Views and Controller Types on First Person Shooter Games in Virtual Reality}, 
    year={2020},
    volume={},
    number={},
    pages={713-724},
    doi={10.1109/ISMAR50242.2020.00102}
}

@article{Cantoni_2020,
    title = {Demographic classification through pupil analysis},
    journal = {Image and Vision Computing},
    volume = {102},
    pages = {103980},
    year = {2020},
    issn = {0262-8856},
    doi = {https://doi.org/10.1016/j.imavis.2020.103980},
    author = {Virginio Cantoni and Lucia Cascone and Michele Nappi and Marco Porta},
}


@article{Wang_2017,
    title = "Relations Between Self-Reported Daily-Life Fatigue, Hearing Status, and Pupil Dilation During a Speech Perception in Noise Task",
    author = "Yang Wang and Graham Naylor and Kramer, {Sophia E} and Zekveld, {Adriana A} and Dorothea Wendt and Barbara Ohlenforst and Thomas Lunner",
    year = "2017",
    doi = "10.1097/AUD.0000000000000512",
    language = "English",
    volume = "39",
    pages = "573–582",
    journal = "Ear and Hearing",
    issn = "0196-0202",
    publisher = "Lippincott Williams & Wilkins",
    number = "3",
}


@article{Bradley_2008,
    author = {Bradley, Margaret M. and Miccoli, Laura and Escrig, Miguel A. and Lang, Peter J.},
    title = {The pupil as a measure of emotional arousal and autonomic activation},
    journal = {Psychophysiology},
    volume = {45},
    number = {4},
    pages = {602-607},
    doi = {https://doi.org/10.1111/j.1469-8986.2008.00654.x},
    year = {2008}
}



@article{Tarnowski_2020,
    title={Eye-tracking analysis for emotion recognition},
    author={Tarnowski, Pawe{\l} and Ko{\l}odziej, Marcin and Majkowski, Andrzej and Rak, Remigiusz Jan},
    journal={Computational intelligence and neuroscience},
    volume={2020},
    year={2020},
    publisher={Hindawi},
    doi={10.1155/2020/2909267}
}

@article{Kaufeld_2022,
    author = {Kaufeld, Mara and Bourdeinik, Julia and Prinz, Lisa and Mundt, Martin and Hecht, Heiko},
    year = {2022},
    month = {09},
    pages = {},
    title = {Emotions are associated with the genesis of visually induced motion sickness in virtual reality},
    volume = {240},
    journal = {Experimental Brain Research},
    doi = {10.1007/s00221-022-06454-z}
}

@article{Kim_2_2021,
    author = {Kim, Hyewon and Kim, Dong and Chung, Won and Park, Kyung-Ah and Kim, James and Kim, Dowan and Kim, Kiwon and Jeon, Hong Jin},
    year = {2021},
    month = {06},
    pages = {},
    title = {Clinical predictors of cybersickness in virtual reality (VR) among highly stressed people},
    volume = {11},
    journal = {Scientific Reports},
    doi = {10.1038/s41598-021-91573-w}
}